@MISC{ref:elise,
      AUTHOR = "Elise Arnaud",
      TITLE = "Teaching material",
      HOWPUBLISHED = "\url{http://steep.inrialpes.fr/?page_id=117}",
}


@MISC{ref:brainrecall,
      AUTHOR = "Brain Recall blog",
      MONTH = "January",
      YEAR = 2011,
      HOWPUBLISHED = "\url{http://sites.google.com/site/brainrecall/cair}",
}

@MISC{ref:drextel,
      AUTHOR = "Bill Green",
      TITLE = "Edge detection tutorial",
      MONTH = "January",
      YEAR = 2011,
      HOWPUBLISHED = "\url{http://www.pages.drexel.edu/~weg22/edge.html}",
}

@MISC{ref:cis,
      AUTHOR = "Bill Green",
      TITLE = "Simple gradient calculation",
      MONTH = "January",
      YEAR = 2011,
      HOWPUBLISHED = "\url{http://www.cis.rit.edu/people/faculty/rhody/EdgeDetection.htm}",
}

@MISC{ref:seamwiki,
      AUTHOR = "Seam Carving",
      TITLE = "Wikipedia Seam Carving",
      MONTH = "January",
      YEAR = 2011,
      HOWPUBLISHED = "\url{http://en.wikipedia.org/wiki/Seam\_carving}",
}

@MISC{ref:savvash,
      AUTHOR = "Savvash blogspot",
      TITLE = "Content aware image resizing",
      MONTH = "January",
      YEAR = 2011,
      HOWPUBLISHED = "\url{http://savvash.blogspot.com/2009/10/aminus3.html}",
}

@article{ref:acm,
  author = "AVIDAN, S. AND SHAMIR",
  year = "2007",
  title = "Seam carving for content aware image resizing",
  journal = "ACM Trans.Graph",
}

@article{ref:piks,
  author = "Pratt, William K.",
  year = "2007",
  title = "Digital image processing : PIKS Scientific inside",
  journal = "ACM Trans.Graph",
  publisher = "Wiley-Interscience"
}

@book{ref:gonzalez,
  author = "Gonzalez \& Woods",
  year = "2007",
  title = "Digital Image Processing",
  publisher = "Addison-WesleyPublishing"
}
